
@article{assignment,
    author    = "Håkon Hukkelås",
    title     = "Assignment 1",
    journal   = "Department of Computer Science, NTNU",
    %volume   = "",
    %number   = "",
    %pages    = "",
    year      = "2020",
    month    = "1",
    url     = "https://ntnu.blackboard.com/bbcswebdav/pid-881058-dt-content-rid-25343529_1/xid-25343529_1",
    %note     = "Read: 19.01.2020",
}



@misc{website:row_columns,
      author = "GeeksforGeeks",
      title = "Python | Ways to add row/columns in numpy array",
      %month = "",
      %year = "",
      url = "https://www.geeksforgeeks.org/python-ways-to-add-row-columns-in-numpy-array/"
}


@misc{website:max_to_1,
      author = "User: DSM",
      title = "Numpy: change max in each row to 1, all other numbers to 0",
      month = "11",
      year = "2013",
      url = "https://stackoverflow.com/questions/20295046/numpy-change-max-in-each-row-to-1-all-other-numbers-to-0"
}